@inproceedings{al2022intelligent,
  title={Intelligent automation of crime prediction using data mining},
  author={Al-Ghushami, Abdullah Hussein and Syed, Dabeeruddin and Sessa, Jadran and Zainab, Ameema},
  booktitle={2022 IEEE 31st International Symposium on Industrial Electronics (ISIE)},
  pages={245--252},
  year={2022},
  organization={IEEE}
}
@inproceedings{darshan2022crime,
  title={Crime analysis and prediction using machine learning algorithms},
  author={Darshan, MS and Shankaraiah, Shankaraiah},
  booktitle={2022 IEEE 2nd Mysore Sub Section International Conference (MysuruCon)},
  pages={1--7},
  year={2022},
  organization={IEEE}
}
@inproceedings{gahalot2020crime,
  title={Crime prediction and analysis},
  author={Gahalot, Akanksha and Dhiman, Suraina and Chouhan, Lokesh and others},
  booktitle={2nd International Conference on Data, Engineering and Applications (IDEA)},
  pages={1--6},
  year={2020},
  organization={IEEE}
}
@inproceedings{menaka2022analysis,
  title={Analysis to Improve Classifier Accuracy in Crime Data Prediction},
  author={Menaka, M and Booba, B},
  booktitle={2022 6th International Conference on Computing Methodologies and Communication (ICCMC)},
  pages={721--725},
  year={2022},
  organization={IEEE}
}
@inproceedings{pandya2022analysis,
  title={Analysis and Prediction of Location based Criminal Behaviors Through Machine Learning},
  author={Pandya, Darshanaben Dipakkumar and Amarawat, Geetanjali and Jadeja, Abhijeetsinh and Degadwala, Sheshang and Vyas, Dhairya},
  booktitle={2022 International Conference on Edge Computing and Applications (ICECAA)},
  pages={1324--1332},
  year={2022},
  organization={IEEE}
}
@inproceedings{yadav2017crime,
  title={Crime pattern detection, analysis \& prediction},
  author={Yadav, Sunil and Timbadia, Meet and Yadav, Ajit and Vishwakarma, Rohit and Yadav, Nikhilesh},
  booktitle={2017 International conference of Electronics, Communication and Aerospace Technology (ICECA)},
  volume={1},
  pages={225--230},
  year={2017},
  organization={IEEE}
}
@inproceedings{tayebi2015learning,
  title={Learning where to inspect: Location learning for crime prediction},
  author={Tayebi, Mohammad A and Gla, Uwe and Brantingham, Patricia L and others},
  booktitle={2015 IEEE International Conference on Intelligence and Security Informatics (ISI)},
  pages={25--30},
  year={2015},
  organization={IEEE}
}
@article{sherman1989hot,
  title={Hot spots of predatory crime: Routine activities and the criminology of place},
  author={Sherman, Lawrence W and Gartin, Patrick R and Buerger, Michael E},
  journal={Criminology},
  volume={27},
  number={1},
  pages={27--56},
  year={1989},
  publisher={Wiley Online Library}
}
@inproceedings{tayebi2012understanding,
  title={Understanding the link between social and spatial distance in the crime world},
  author={Tayebi, Mohammad A and Frank, Richard and Gl{\"a}sser, Uwe},
  booktitle={Proceedings of the 20th International Conference on Advances in Geographic Information Systems},
  pages={550--553},
  year={2012}
}
@incollection{brantingham2010nodes,
  title={Nodes, Paths, and Edges: Considerations on the Complexity of Crime and the Physical Environment (1993)},
  author={Brantingham, PL and Brantingham, PJ},
  booktitle={Classics in Environmental Criminology},
  pages={289--326},
  year={2010},
  publisher={Routledge}
}
@book{rossmo1999geographic,
  title={Geographic profiling},
  author={Rossmo, D Kim},
  year={1999},
  publisher={CRC press}
}
@book{weisburd2012criminology,
  title={The criminology of place: Street segments and our understanding of the crime problem},
  author={Weisburd, David and Groff, Elizabeth R and Yang, Sue-Ming},
  year={2012},
  publisher={Oxford University Press}
}
@article{borisov2022deep,
  title={Deep neural networks and tabular data: A survey},
  author={Borisov, Vadim and Leemann, Tobias and Se{\ss}ler, Kathrin and Haug, Johannes and Pawelczyk, Martin and Kasneci, Gjergji},
  journal={IEEE transactions on neural networks and learning systems},
  year={2022},
  publisher={IEEE}
}
@book{hastie2009elements,
  title={The elements of statistical learning: data mining, inference, and prediction},
  author={Hastie, Trevor and Tibshirani, Robert and Friedman, Jerome H and Friedman, Jerome H},
  volume={2},
  year={2009},
  publisher={Springer}
}
@book{hyndman2018forecasting,
  title={Forecasting: principles and practice},
  author={Hyndman, Rob J and Athanasopoulos, George},
  year={2018},
  publisher={OTexts}
}